@techreport{heger_wind_2016,
	title = {Wind {Energy} in {Japan}},
	url = {https://www.eu-japan.eu/sites/default/files/publications/docs/windenergyjapan_heger_min16_1.pdf},
	urldate = {2018-07-10},
	institution = {EU Japan Centre for Industrial Cooperation},
	author = {Heger, Ines},
	year = {2016},
	file = {windenergyjapan_heger_min16_1.pdf.pdf:C\:\\Users\\alley cat\\Zotero\\storage\\CQ8QH7KT\\windenergyjapan_heger_min16_1.pdf.pdf:application/pdf}
}
@article{pinaud2013technical,
  title={Technical and economic feasibility of centralized facilities for solar hydrogen production via photocatalysis and photoelectrochemistry},
  author={Pinaud, Blaise A and Benck, Jesse D and Seitz, Linsey C and Forman, Arnold J and Chen, Zhebo and Deutsch, Todd G and James, Brian D and Baum, Kevin N and Baum, George N and Ardo, Shane and others},
  journal={Energy \& Environmental Science},
  volume={6},
  number={7},
  pages={1983--2002},
  year={2013},
  publisher={Royal Society of Chemistry}
}
@article{ursua2011hydrogen,
  title={Hydrogen production from water electrolysis: current status and future trends},
  author={Ursua, Alfredo and Gandia, Luis M and Sanchis, Pablo},
  journal={Proceedings of the IEEE},
  volume={100},
  number={2},
  pages={410--426},
  year={2011},
  publisher={IEEE}
}
@article{outlook2019technical,
  title={Technical report, US Energy Information Administration, 2019},
  author={Outlook, EIA Annual Energy},
  journal={URL https://www. eia. gov/outlooks/aeo/pdf/aeo2019. pdf},
  year={2019}
}
@techreport{james2016hydrogen,
  title={hydrogen storage system cost analysis},
  author={James, Brian David and Houchins, Cassidy and Huya-Kouadio, Jennie Moton and DeSantis, Daniel A},
  year={2016},
  institution={Strategic Analysis Inc., Arlington, VA (United States)}
}
@article{oecd,
   author = "OECD",
   title = "Data warehouse",
   year = "2014",
   url = "https://www.oecd-ilibrary.org/content/data/data-00900-en",
   doi = "https://doi.org/https://doi.org/10.1787/data-00900-en" 
}
@techreport{japan_fc_roadmap,
	title = {Formulation of a New Strategic Roadmap for Hydrogen and Fuel Cells},
	url = {https://www.meti.go.jp/english/press/2019/0312_002.html},
	urldate = {2019-09-01},
	institution = {Ministry of Economy, Trade and Industry},
	year = {2019}
}
@article{sheet2005hydrogen,
  title={Hydrogen Production--Steam Methane Reforming (SMR)},
  author={Sheet, Hydrogen Fact}
}